@book{Knuth_TeXbook_1984,
  year = 1984,
  publisher = {Addison-Wesley},
  author = {Knuth, Donald E.},
  title = {The TeXbook},
}
